<?xml version="1.0" encoding="UTF-8"?><collection xmlns="http://www.loc.gov/MARC21/slim"><record><leader>00341nam--2200121-i-4500</leader><controlfield tag="001">000026709</controlfield><controlfield tag="002">20161230</controlfield><controlfield tag="005">20161230201036</controlfield><controlfield tag="008">060222s1000------------r-----000-0-eng-d</controlfield><datafield ind1=" " ind2=" " tag="080"><subfield code="a">621.317.72</subfield></datafield><datafield ind1=" " ind2=" " tag="245"><subfield code="a">Iinstructuni 128-67 pentru verificarea voltmetrelor. ed.oficiala</subfield></datafield><datafield ind1=" " ind2=" " tag="260"><subfield code="a">Bucuresti, Ed.De Stat Pt.Imprimate, 1967. 40p</subfield></datafield><datafield ind1=" " ind2=" " tag="852"><subfield code="a">28126</subfield></datafield></record></collection>